@misc{dokumentation_n++,
  author      = {Martin Riedmiller},
  title       = {Dokumentation zu N++},
  language    = {de},
  year        = {1997},
  pages       = {12},
  institution = {Fachhochschule Frankfurt}
}

@book{Practical_neural_network_recipes_C++,
  author    = {Masters, Timothy},
  year      = {1993},
  title     = {Practical neural network recipes in C++},
  url       = {http://www.loc.gov/catdir/description/els032/92047469.html},
  publisher = {{Academic Press}},
  isbn      = {0-12-479040-2},
  language  = {eng},
  location  = {Boston},
  abstract  = {},
  pagetotal = {493}
}

@book{Praktische_Einfuhrung_in_neuronale_Netze,
  author    = {Mazzetti, Alessandro},
  year      = {1992},
  title     = {Praktische Einf{"u}hrung in neuronale Netze},
  publisher = {Heise},
  isbn      = {3-88229-011-0},
  language  = {ger},
  location  = {Hannover},
  abstract  = {}
}

@article{McCulloch.1943,
  author       = {McCulloch, Warren S. and Pitts, Walter},
  year         = {1943},
  title        = {A logical calculus of the ideas immanent in nervous activity},
  pages        = {115--133},
  pagination   = {page},
  volume       = {5},
  issn         = {0007-4985},
  journaltitle = {The Bulletin of Mathematical Biophysics},
  shortjournal = {Bulletin of Mathematical Biophysics},
  doi          = {10.1007/BF02478259},
  number       = {4}
}

@article{Rosenblatt_Perceptron,
  author       = {Rosenblatt, F.},
  year         = {1958},
  title        = {The perceptron: a probabilistic model for information storage and organization in the brain},
  pages        = {386--408},
  pagination   = {page},
  volume       = {65},
  issn         = {0033-295X},
  journaltitle = {Psychological review},
  language     = {eng},
  doi          = {10.1037/h0042519},
  number       = {6},
  abstract     = {},
  eprint       = {13602029}
}

@article{Chip_makers_turn_to_multicore,
  author       = {Geer, D.},
  year         = {2005},
  title        = {Chip makers turn to multicore processors},
  pages        = {11--13},
  pagination   = {page},
  volume       = {38},
  issn         = {0018-9162},
  journaltitle = {Computer},
  doi          = {10.1109/MC.2005.160},
  number       = {5},
  abstract     = {}
}